<record><leader>00000cas a2200000 a 4500</leader><controlfield tag="001">11962282</controlfield><controlfield tag="008">850425d18731878vaudn ne      0    0eng c</controlfield><datafield ind1=" " ind2=" " tag="010"><subfield code="a">sn 85025885 </subfield></datafield><datafield ind1=" " ind2=" " tag="040"><subfield code="a">NPX</subfield><subfield code="b">eng</subfield><subfield code="c">NPX</subfield><subfield code="d">NPU</subfield><subfield code="d">NPY</subfield><subfield code="d">KNP</subfield><subfield code="d">NYS</subfield><subfield code="d">NVK</subfield><subfield code="d">OCLCQ</subfield><subfield code="d">CUI</subfield><subfield code="d">OCLCQ</subfield><subfield code="d">OCLCF</subfield></datafield><datafield ind1="1" ind2=" " tag="029"><subfield code="a">AU@</subfield><subfield code="b">000020377598</subfield></datafield><datafield ind1=" " ind2=" " tag="042"><subfield code="a">pcc</subfield></datafield><datafield ind1=" " ind2=" " tag="043"><subfield code="a">n-us-va</subfield></datafield><datafield ind1=" " ind2="4" tag="050"><subfield code="a">AN</subfield></datafield><datafield ind1="0" ind2=" " tag="130"><subfield code="a">Petersburg index and appeal (Petersburg, Va. : Daily)</subfield></datafield><datafield ind1="1" ind2="0" tag="245"><subfield code="a">Petersburg index and appeal.</subfield></datafield><datafield ind1="1" ind2="7" tag="246"><subfield code="a">Index and appeal</subfield></datafield><datafield ind1=" " ind2=" " tag="250"><subfield code="a">Daily ed.</subfield></datafield><datafield ind1=" " ind2=" " tag="260"><subfield code="a">Petersburg, Va. :</subfield><subfield code="b">Index-Appeal Pub. Co.,</subfield><subfield code="c">1873-1878.</subfield></datafield><datafield ind1=" " ind2=" " tag="300"><subfield code="a">v. ;</subfield><subfield code="c">57 cm.</subfield></datafield><datafield ind1=" " ind2=" " tag="310"><subfield code="a">Daily (except Sun.)</subfield></datafield><datafield ind1="0" ind2=" " tag="362"><subfield code="a">No. 222 (July 23, 1873)- ; -Index v. 25, no. 40 (Mar. 16, 1878) = Appeal v.11, no. 40.</subfield></datafield><datafield ind1=" " ind2=" " tag="515"><subfield code="a">Issue for June 16, 1874 bears numbering for previous titles: Index v.16, no. 135 ; Appeal v. 3, no. 55.</subfield></datafield><datafield ind1=" " ind2=" " tag="530"><subfield code="a">Available on microfilm from Micro Photo Div.</subfield></datafield><datafield ind1=" " ind2=" " tag="580"><subfield code="a">Issued also in a weekly ed. called: Petersburg index and appeal.</subfield></datafield><datafield ind1=" " ind2=" " tag="580"><subfield code="a">Issued an advance edition: Evening mail (Petersburg, Va.), Aug. 7, 1876-</subfield></datafield><datafield ind1=" " ind2="0" tag="651"><subfield code="a">Petersburg (Va.)</subfield><subfield code="v">Newspapers.</subfield></datafield><datafield ind1=" " ind2="7" tag="655"><subfield code="a">Newspapers.</subfield><subfield code="2">fast</subfield><subfield code="0">(OCoLC)fst01423814</subfield></datafield><datafield ind1=" " ind2="7" tag="651"><subfield code="a">Virginia</subfield><subfield code="z">Petersburg.</subfield><subfield code="2">fast</subfield><subfield code="0">(OCoLC)fst01209840</subfield></datafield><datafield ind1=" " ind2=" " tag="752"><subfield code="a">United States</subfield><subfield code="b">Virginia</subfield><subfield code="d">Petersburg.</subfield></datafield><datafield ind1="1" ind2=" " tag="775"><subfield code="t">Petersburg index and appeal (Petersburg, Va. : Weekly)</subfield><subfield code="w">(DLC)sn 85025886</subfield><subfield code="w">(OCoLC)11962427</subfield></datafield><datafield ind1="0" ind2=" " tag="775"><subfield code="t">Evening mail (Petersburg, Va.)</subfield><subfield code="w">(DLC)sn 94059416</subfield><subfield code="w">(OCoLC)31237997</subfield></datafield><datafield ind1="0" ind2="4" tag="780"><subfield code="t">Petersburg daily appeal</subfield><subfield code="w">(DLC)sn 85034386</subfield><subfield code="w">(OCoLC)12765225</subfield></datafield><datafield ind1="0" ind2="4" tag="780"><subfield code="t">Petersburg index</subfield><subfield code="w">(DLC)sn 85025881</subfield><subfield code="w">(OCoLC)11959075</subfield></datafield><datafield ind1="0" ind2="0" tag="785"><subfield code="t">Petersburg index-appeal (Petersburg, Va. : 1878 : Daily)</subfield><subfield code="w">(DLC)sn 85038626</subfield><subfield code="w">(OCoLC)12864064</subfield></datafield></record>